
% 2006
% (method) walk on spheres
@article{das2006,
  title = {Quantum Monte Carlo method using a stochastic Poisson solver},
  author = {Das, Dyutiman and Martin, Richard M. and Kalos, Malvin H.},
  journal = {Phys. Rev. E},
  volume = {73},
  issue = {4},
  pages = {046702},
  numpages = {14},
  year = {2006},
  month = {Apr},
  publisher = {American Physical Society},
  doi = {10.1103/PhysRevE.73.046702},
  url = {http://link.aps.org/doi/10.1103/PhysRevE.73.046702}
}




% 2007
% (app/dev) vincent ge nanoparticle core pol pot
@article{vincent2007,
  title = {Quantum Monte Carlo calculations of the optical gaps of Ge nanoclusters using core-polarization potentials},
  author = {Vincent, Jordan E. and Kim, Jeongnim and Martin, Richard M.},
  journal = {Phys. Rev. B},
  volume = {75},
  issue = {4},
  pages = {045302},
  numpages = {10},
  year = {2007},
  month = {Jan},
  publisher = {American Physical Society},
  doi = {10.1103/PhysRevB.75.045302},
  url = {http://link.aps.org/doi/10.1103/PhysRevB.75.045302}
}




% 2008
% (qmchpc) endstation project
@article{esler2008,
  author={K P Esler and J Kim and D M Ceperley and W Purwanto and E J Walter and H Krakauer and S Zhang and P R C Kent and R G Hennig and C Umrigar and M Bajdich and J Kolorenč and L Mitas and A Srinivasan},
  title={Quantum Monte Carlo algorithms for electronic structure at the petascale; the Endstation project},
  journal={Journal of Physics: Conference Series},
  volume={125},
  number={1},
  pages={012057},
  url={http://stacks.iop.org/1742-6596/125/i=1/a=012057},
  year={2008},
}

% (app) beaudet hydrogen on benzene
@article{beaudet2008,
author = {Todd D. Beaudet and Michele Casula and Jeongnim Kim and Sandro Sorella and Richard M. Martin},
title = {Molecular hydrogen adsorbed on benzene: Insights from a quantum Monte Carlo study},
journal = {The Journal of Chemical Physics},
volume = {129},
number = {16},
pages = {164711},
year = {2008},
doi = {10.1063/1.2987716},
URL = { http://dx.doi.org/10.1063/1.2987716 },
eprint = { http://dx.doi.org/10.1063/1.2987716 }
}





% 2010
% (hpc) enos qmcpack gpu
@INPROCEEDINGS{enos2010, 
author={J. Enos and C. Steffen and J. Fullop and M. Showerman and G. Shi and K. Esler and V. Kindratenko and J. E. Stone and J. C. Phillips}, 
booktitle={International Conference on Green Computing}, 
title={Quantifying the impact of GPUs on performance and energy efficiency in HPC clusters}, 
year={2010}, 
pages={317-324}, 
keywords={computer graphic equipment;coprocessors;power consumption;workstation clusters;CPU hosts;GPU;HPC clusters;cluster management software tools;hardware-software infrastructure;performance-per-watt;power monitoring hardware;power usage data;power usage monitoring;software stack;Benchmark testing;Graphics processing unit;Monitoring;Power demand;Power measurement;Sensors;GPU;cluster;power efficiency;power monitoring}, 
doi={10.1109/GREENCOMP.2010.5598297}, 
month={Aug},
}

% (app) esler all electron cubic boron nitride
@article{esler2010,
  title = {Fundamental High-Pressure Calibration from All-Electron Quantum Monte Carlo Calculations},
  author = {Esler, K. P. and Cohen, R. E. and Militzer, B. and Kim, Jeongnim and Needs, R. J. and Towler, M. D.},
  journal = {Phys. Rev. Lett.},
  volume = {104},
  issue = {18},
  pages = {185702},
  numpages = {4},
  year = {2010},
  month = {May},
  publisher = {American Physical Society},
  doi = {10.1103/PhysRevLett.104.185702},
  url = {http://link.aps.org/doi/10.1103/PhysRevLett.104.185702}
}

% (method/app) houtari (mcminis) sodium momentum distribution
@article{huotari2010,
  title = {Momentum Distribution and Renormalization Factor in Sodium and the Electron Gas},
  author = {Huotari, Simo and Soininen, J. Aleksi and Pylkk\"anen, Tuomas and H\"am\"al\"ainen, Keijo and Issolah, Arezki and Titov, Andrey and McMinis, Jeremy and Kim, Jeongnim and Esler, Ken and Ceperley, David M. and Holzmann, Markus and Olevano, Valerio},
  journal = {Phys. Rev. Lett.},
  volume = {105},
  issue = {8},
  pages = {086403},
  numpages = {4},
  year = {2010},
  month = {Aug},
  publisher = {American Physical Society},
  doi = {10.1103/PhysRevLett.105.086403},
  url = {http://link.aps.org/doi/10.1103/PhysRevLett.105.086403}
}

% (app) hongo molecular crystal
@article{hongo2010,
author = {Hongo, Kenta and Watson, Mark A. and Sánchez-Carrera, Roel S. and Iitaka, Toshiaki and Aspuru-Guzik, Alán},
title = {Failure of Conventional Density Functionals for the Prediction of Molecular Crystal Polymorphism: A Quantum Monte Carlo Study},
journal = {The Journal of Physical Chemistry Letters},
volume = {1},
number = {12},
pages = {1789-1794},
year = {2010},
doi = {10.1021/jz100418p},
URL = { http://dx.doi.org/10.1021/jz100418p },
eprint = { http://dx.doi.org/10.1021/jz100418p }
}



% 2011
% (dev) ahuja linear scaling qmc
@article{ahuja2011,
author = {Kapil Ahuja and Bryan K. Clark and Eric de Sturler and David M. Ceperley and Jeongnim Kim},
title = {Improved Scaling for Quantum Monte Carlo on Insulators},
journal = {SIAM Journal on Scientific Computing},
volume = {33},
number = {4},
pages = {1837-1859},
year = {2011},
doi = {10.1137/100805467},
URL = { http://dx.doi.org/10.1137/100805467 },
eprint = { http://dx.doi.org/10.1137/100805467 }
}

% (dev) esler qmcpack gpu
@article{esler2011,
  title={Fully accelerating quantum Monte Carlo simulations of real materials on GPU clusters},
  author={Esler, Kenneth P and Kim, Jeongnim and Schulenburger, L and Ceperley, DM},
  journal={Computing in Science and Eng},
  volume={13},
  number={5},
  year={2011}
}

% (method/app) clark table method, multidet water molecule
@article{clark2011,
author = {Bryan K. Clark and Miguel A. Morales and Jeremy McMinis and Jeongnim Kim and Gustavo E. Scuseria},
title = {Computing the energy of a water molecule using multideterminants: A simple, efficient algorithm},
journal = {The Journal of Chemical Physics},
volume = {135},
number = {24},
pages = {244105},
year = {2011},
doi = {10.1063/1.3665391},
URL = { http://dx.doi.org/10.1063/1.3665391 },
eprint = { http://dx.doi.org/10.1063/1.3665391 }
}

% (app) holzmann (mcminis) heg momentum distribution
@article{holzmann2011,
  title = {Momentum Distribution of the Homogeneous Electron Gas},
  author = {Holzmann, Markus and Bernu, Bernard and Pierleoni, Carlo and McMinis, Jeremy and Ceperley, David M. and Olevano, Valerio and Delle Site, Luigi},
  journal = {Phys. Rev. Lett.},
  volume = {107},
  issue = {11},
  pages = {110402},
  numpages = {5},
  year = {2011},
  month = {Sep},
  publisher = {American Physical Society},
  doi = {10.1103/PhysRevLett.107.110402},
  url = {http://link.aps.org/doi/10.1103/PhysRevLett.107.110402}
}





% 2012
% (dev) esler qmcpack gpu
@ARTICLE{esler2012, 
author={K. Esler and J. Kim and D. Ceperley and L. Shulenburger}, 
journal={Computing in Science Engineering}, 
title={Accelerating Quantum Monte Carlo Simulations of Real Materials on GPU Clusters}, 
year={2012}, 
volume={14}, 
number={1}, 
pages={40-51}, 
keywords={Monte Carlo methods;graphics processing units;multiprocessing systems;parallel processing;quantum computing;GPU cluster;QMC algorithm;continuum quantum Monte Carlo simulation;many core paradigm;Computational modeling;Graphics processing unit;Mathematical model;Monte Carlo methods;Quantum methods;Wave functions;Component;Monte Carlo;graphics processors;physics;scientific computing}, 
doi={10.1109/MCSE.2010.122}, 
ISSN={1521-9615}, 
month={Jan},
}

% (dev) kim qmcpack gpu
@article{kim2012,
  author={Jeongnim Kim and Kenneth P Esler and Jeremy McMinis and Miguel A Morales and Bryan K Clark and Luke Shulenburger and David M Ceperley},
  title={Hybrid algorithms in quantum Monte Carlo},
  journal={Journal of Physics: Conference Series},
  volume={402},
  number={1},
  pages={012008},
  url={http://stacks.iop.org/1742-6596/402/i=1/a=012008},
  year={2012},
}

% (hpc) baue cray user group
@inproceedings{baue2012,
  title={Analyses and modeling of applications used to demonstrate sustained petascale performance on Blue Waters},
  author={Bauer, Gregory H and Hoefler, Torsten and Kramer, William T and Fiedler, Robert A},
  booktitle={Proceedings of the Annual Meeting of the Cray Users Group},
  year={2012}
}

% (app) watson molecular crystal
@inbook{watson2012,
author = {Watson, Mark A. and Hongo, Kenta and Iitaka, Toshiaki and Aspuru-Guzik, Alán},
title = {A Benchmark Quantum Monte Carlo Study of Molecular Crystal Polymorphism: A Challenging Case for Density-Functional Theory},
booktitle = {Advances in Quantum Monte Carlo},
chapter = {9},
pages = {101-117},
doi = {10.1021/bk-2012-1094.ch009},
URL = {http://pubs.acs.org/doi/abs/10.1021/bk-2012-1094.ch009},
eprint = {http://pubs.acs.org/doi/pdf/10.1021/bk-2012-1094.ch009}
}



% 2013
% (compsci) matheny (krogel) adios I/O
@INPROCEEDINGS{matheny2013, 
author={S. Herbein and M. Matheny and M. Wezowicz and J. Krogel and J. Logan and J. Kim and S. Klasky and M. Taufer}, 
booktitle={2013 IEEE 16th International Conference on Computational Science and Engineering}, 
title={Performance Impact of I/O on QMCPack Simulations at the Petascale and Beyond}, 
year={2013}, 
pages={92-99}, 
keywords={application program interfaces;checkpointing;data acquisition;input-output programs;software libraries;ADIOS API integration;I/O granularity;I/O libraries;I/O overhead;I/O performance prediction;QMCPack simulations;Skel tool;Titan supercomputers;checkpoint I/O;finer-grained data gathering;petascale applications;scientific data extraction;scientific discovery;Aggregates;Checkpointing;Computational modeling;Data models;Graphite;Scalability;XML;ADIOS library;HDF5;Quantum Monte Carlo;checkpointing;scalability}, 
doi={10.1109/CSE.2013.24}, 
month={Dec},
}

% (app) shulenburger qmc solids
@article{shulenburger2013,
  title = {Quantum Monte Carlo applied to solids},
  author = {Shulenburger, Luke and Mattsson, Thomas R.},
  journal = {Phys. Rev. B},
  volume = {88},
  issue = {24},
  pages = {245117},
  numpages = {8},
  year = {2013},
  month = {Dec},
  publisher = {American Physical Society},
  doi = {10.1103/PhysRevB.88.245117},
  url = {http://link.aps.org/doi/10.1103/PhysRevB.88.245117}
}

% (method/app) mcminis heg renyi entropy
@article{mcminis2013,
  title = {Renyi entropy of the interacting Fermi liquid},
  author = {McMinis, Jeremy and Tubman, Norm M.},
  journal = {Phys. Rev. B},
  volume = {87},
  issue = {8},
  pages = {081108},
  numpages = {4},
  year = {2013},
  month = {Feb},
  publisher = {American Physical Society},
  doi = {10.1103/PhysRevB.87.081108},
  url = {http://link.aps.org/doi/10.1103/PhysRevB.87.081108}
}

% (dev) coghlan (romero) qmcpack mira
@ARTICLE{coghlan2013, 
author={S. Coghlan and K. Kumaran and R. M. Loy and P. Messina and V. Morozov and J. C. Osborn and S. Parker and K. M. Riley and N. A. Romero and T. J. Williams}, 
journal={IBM Journal of Research and Development}, 
title={Argonne applications for the IBM Blue Gene/Q, Mira}, 
year={2013}, 
volume={57}, 
number={1/2}, 
pages={12:1-12:11}, 
doi={10.1147/JRD.2013.2238371}, 
ISSN={0018-8646}, 
month={Jan},
}

% (method/dev) krogel energy density
@article{krogel2013,
  title = {Quantum energy density: Improved efficiency for quantum Monte Carlo calculations},
  author = {Krogel, Jaron T. and Yu, Min and Kim, Jeongnim and Ceperley, David M.},
  journal = {Phys. Rev. B},
  volume = {88},
  issue = {3},
  pages = {035137},
  numpages = {10},
  year = {2013},
  month = {Jul},
  publisher = {American Physical Society},
  doi = {10.1103/PhysRevB.88.035137},
  url = {http://link.aps.org/doi/10.1103/PhysRevB.88.035137}
}






% 2014
% (compsci) herbein adios I/O
@INPROCEEDINGS{herbein2014, 
author={S. Herbein and S. Klasky and M. Taufer}, 
booktitle={2014 43rd International Conference on Parallel Processing Workshops}, 
title={Benchmarking the Performance of Scientific Applications with Irregular I/O at the Extreme Scale}, 
year={2014}, 
pages={292-301}, 
keywords={Monte Carlo methods;benchmark testing;input-output programs;mesh generation;performance evaluation;scientific information systems;software libraries;statistical analysis;ENZO;I/O performance;I/O skeleton tool;I/O times;Monte Carlo application;QMCPack;adaptive mesh refinement application;data sizes;empirical analysis;extreme-scale;irregular I/O pattern;performance benchmarking;scientific applications;scientific simulations;statistical model;Adaptation models;Aggregates;Data models;Libraries;Monte Carlo methods;Servers;XML;ADIOS I/O library;HDF5;I/O performance}, 
doi={10.1109/ICPPW.2014.46}, 
ISSN={0190-3918}, 
month={Sept},}

% (compsci) matheny adios I/O
@INPROCEEDINGS{matheny2014, 
author={M. Matheny and S. Herbein and N. Podhorszki and S. Klasky and M. Taufer}, 
booktitle={2014 20th IEEE International Conference on Parallel and Distributed Systems (ICPADS)}, 
title={Using surrogate-based modeling to predict optimal I/O parameters of applications at the extreme scale}, 
year={2014}, 
pages={568-575}, 
keywords={input-output programs;parallel processing;I/O times;engineering method;exascale computing;optimal I/O parameter values;petascale systems;surrogate-based modeling;Computational modeling;Data models;Kernel;Polynomials;Predictive models;Response surface methodology;Runtime;I/O modeling and tuning;Irregular I/O pattern;Peta- and exascale computing;QMCPack;Scientific applications}, 
doi={10.1109/PADSW.2014.7097855}, 
ISSN={1521-9097}, 
month={Dec},
}

% (hpc) mendes blue waters sustained petaflop
@article{mendes2014,
title = "Deploying a Large Petascale System: The Blue Waters Experience",
journal = "Procedia Computer Science",
volume = "29",
number = "",
pages = "198 - 209",
year = "2014",
note = "",
issn = "1877-0509",
doi = "http://dx.doi.org/10.1016/j.procs.2014.05.018",
url = "http://www.sciencedirect.com/science/article/pii/S1877050914001951",
author = "Celso L. Mendes and Brett Bode and Gregory H. Bauer and Jeremy Enos and Cristina Beldica and William T. Kramer",
keywords = "large system deployment",
keywords = "acceptance testing",
keywords = "petascale performance"
}

% (dev/app) tubman born oppenheimer molecules
@article{tubman2014,
  title = {Beyond the Born-Oppenheimer approximation with quantum Monte Carlo methods},
  author = {Tubman, Norm M. and Kyl\"anp\"a\"a, Ilkka and Hammes-Schiffer, Sharon and Ceperley, David M.},
  journal = {Phys. Rev. A},
  volume = {90},
  issue = {4},
  pages = {042507},
  numpages = {5},
  year = {2014},
  month = {Oct},
  publisher = {American Physical Society},
  doi = {10.1103/PhysRevA.90.042507},
  url = {http://link.aps.org/doi/10.1103/PhysRevA.90.042507}
}

% (app) shulenburger xenon melting
@article{shulenburger2014,
  title = {Theory of melting at high pressures: Amending density functional theory with quantum Monte Carlo},
  author = {Shulenburger, L. and Desjarlais, M. P. and Mattsson, T. R.},
  journal = {Phys. Rev. B},
  volume = {90},
  issue = {14},
  pages = {140104},
  numpages = {5},
  year = {2014},
  month = {Oct},
  publisher = {American Physical Society},
  doi = {10.1103/PhysRevB.90.140104},
  url = {http://link.aps.org/doi/10.1103/PhysRevB.90.140104}
}

% (app) morales hydrogen/water
@Article{morales2014,
AUTHOR = {Morales, Miguel A. and Clay, Raymond and Pierleoni, Carlo and Ceperley, David M.},
TITLE = {First Principles Methods: A Perspective from Quantum Monte Carlo},
JOURNAL = {Entropy},
VOLUME = {16},
YEAR = {2014},
NUMBER = {1},
PAGES = {287--321},
URL = {http://www.mdpi.com/1099-4300/16/1/287},
ISSN = {1099-4300},
DOI = {10.3390/e16010287}
}

% (app) foyevtsova cuprate
@article{foyevtsova2014,
  title = {Ab initio},
  author = {Foyevtsova, Kateryna and Krogel, Jaron T. and Kim, Jeongnim and Kent, P. R. C. and Dagotto, Elbio and Reboredo, Fernando A.},
  journal = {Phys. Rev. X},
  volume = {4},
  issue = {3},
  pages = {031003},
  numpages = {7},
  year = {2014},
  month = {Jul},
  publisher = {American Physical Society},
  doi = {10.1103/PhysRevX.4.031003},
  url = {http://link.aps.org/doi/10.1103/PhysRevX.4.031003}
}

% (app) lin mgsio3
@article{lin2014,
  title = {Equations of state and stability of ${\mathrm{MgSiO}}_{3}$ perovskite and post-perovskite phases from quantum Monte Carlo simulations},
  author = {Lin, Yangzheng and Cohen, R. E. and Stackhouse, Stephen and Driver, Kevin P. and Militzer, Burkhard and Shulenburger, Luke and Kim, Jeongnim},
  journal = {Phys. Rev. B},
  volume = {90},
  issue = {18},
  pages = {184103},
  numpages = {11},
  year = {2014},
  month = {Nov},
  publisher = {American Physical Society},
  doi = {10.1103/PhysRevB.90.184103},
  url = {http://link.aps.org/doi/10.1103/PhysRevB.90.184103}
}

% (app) shulenburger krypton shock
@article{mattsson2014,
  title = {Validating density-functional theory simulations at high energy-density conditions with liquid krypton shock experiments to 850 GPa on Sandia's Z machine},
  author = {Mattsson, Thomas R. and Root, Seth and Mattsson, Ann E. and Shulenburger, Luke and Magyar, Rudolph J. and Flicker, Dawn G.},
  journal = {Phys. Rev. B},
  volume = {90},
  issue = {18},
  pages = {184105},
  numpages = {10},
  year = {2014},
  month = {Nov},
  publisher = {American Physical Society},
  doi = {10.1103/PhysRevB.90.184105},
  url = {http://link.aps.org/doi/10.1103/PhysRevB.90.184105}
}

% (app) benali ar/kr/xe, dna
@article{benali2014,
author = {Benali, Anouar and Shulenburger, Luke and Romero, Nichols A. and Kim, Jeongnim and von Lilienfeld, O. Anatole},
title = {Application of Diffusion Monte Carlo to Materials Dominated by van der Waals Interactions},
journal = {Journal of Chemical Theory and Computation},
volume = {10},
number = {8},
pages = {3417-3422},
year = {2014},
doi = {10.1021/ct5003225},
note ={PMID: 26588310},
URL = { http://dx.doi.org/10.1021/ct5003225 },
eprint = { http://dx.doi.org/10.1021/ct5003225 }
}

% (app) shin graphyne
@article{shin2014,
author = {Hyeondeok Shin and Sinabro Kang and Jahyun Koo and Hoonkyung Lee and Jeongnim Kim and Yongkyung Kwon},
title = {Cohesion energetics of carbon allotropes: Quantum Monte Carlo study},
journal = {The Journal of Chemical Physics},
volume = {140},
number = {11},
pages = {114702},
year = {2014},
doi = {10.1063/1.4867544},
URL = { http://dx.doi.org/10.1063/1.4867544 },
eprint = { http://dx.doi.org/10.1063/1.4867544 }
}

% (method/app) clay hydrogen forces
@article{clay2014,
  title = {Benchmarking exchange-correlation functionals for hydrogen at high pressures using quantum Monte Carlo},
  author = {Clay, Raymond C. and Mcminis, Jeremy and McMahon, Jeffrey M. and Pierleoni, Carlo and Ceperley, David M. and Morales, Miguel A.},
  journal = {Phys. Rev. B},
  volume = {89},
  issue = {18},
  pages = {184106},
  numpages = {11},
  year = {2014},
  month = {May},
  publisher = {American Physical Society},
  doi = {10.1103/PhysRevB.89.184106},
  url = {http://link.aps.org/doi/10.1103/PhysRevB.89.184106}
}

% (app) ganesh li in graphite
@article{ganesh2014,
author = {Ganesh, P. and Kim, Jeongnim and Park, Changwon and Yoon, Mina and Reboredo, Fernando A. and Kent, Paul R. C.},
title = {Binding and Diffusion of Lithium in Graphite: Quantum Monte Carlo Benchmarks and Validation of van der Waals Density Functional Methods},
journal = {Journal of Chemical Theory and Computation},
volume = {10},
number = {12},
pages = {5318-5323},
year = {2014},
doi = {10.1021/ct500617z},
note ={PMID: 26583215},
URL = { http://dx.doi.org/10.1021/ct500617z },
eprint = { http://dx.doi.org/10.1021/ct500617z }
}

% (app) koziol tridehydrobenzene
@article{koziol2014,
author = {Lucas Koziol and Miguel M. Morales},
title = {A fixed-node Diffusion Monte Carlo study of the 1,2,3-tridehydrobenzene triradical},
journal = {The Journal of Chemical Physics},
volume = {140},
number = {22},
pages = {224316},
year = {2014},
doi = {10.1063/1.4880275},
URL = { http://dx.doi.org/10.1063/1.4880275 },
eprint = { http://dx.doi.org/10.1063/1.4880275 }
}

% (app) morales/gergely water
@article{morales2014b,
author = {Morales, Miguel A. and Gergely, John R. and McMinis, Jeremy and McMahon, Jeffrey M. and Kim, Jeongnim and Ceperley, David M.},
title = {Quantum Monte Carlo Benchmark of Exchange-Correlation Functionals for Bulk Water},
journal = {Journal of Chemical Theory and Computation},
volume = {10},
number = {6},
pages = {2355-2362},
year = {2014},
doi = {10.1021/ct500129p},
note ={PMID: 26580755},
URL = { http://dx.doi.org/10.1021/ct500129p },
eprint = { http://dx.doi.org/10.1021/ct500129p }
}

% (compsci) sreepathi oxbow toolkit profiling
@inproceedings{sreepathi2014,
 author = {Sreepathi, Sarat and Grodowitz, M. L. and Lim, Robert and Taffet, Philip and Roth, Philip C. and Meredith, Jeremy and Lee, Seyong and Li, Dong and Vetter, Jeffrey},
 title = {Application Characterization Using Oxbow Toolkit and PADS Infrastructure},
 booktitle = {Proceedings of the 1st International Workshop on Hardware-Software Co-Design for High Performance Computing},
 series = {Co-HPC '14},
 year = {2014},
 isbn = {978-1-4799-7564-8},
 location = {New Orleans, Louisiana},
 pages = {55--63},
 numpages = {9},
 url = {http://dx.doi.org/10.1109/Co-HPC.2014.11},
 doi = {10.1109/Co-HPC.2014.11},
 acmid = {2689673},
 publisher = {IEEE Press},
 address = {Piscataway, NJ, USA},
} 

% (method/dev) krogel energy density matrix
@article{krogel2014,
  title = {Energy density matrix formalism for interacting quantum systems: Quantum Monte Carlo study},
  author = {Krogel, Jaron T. and Kim, Jeongnim and Reboredo, Fernando A.},
  journal = {Phys. Rev. B},
  volume = {90},
  issue = {3},
  pages = {035125},
  numpages = {8},
  year = {2014},
  month = {Jul},
  publisher = {American Physical Society},
  doi = {10.1103/PhysRevB.90.035125},
  url = {http://link.aps.org/doi/10.1103/PhysRevB.90.035125}
}


% 2015
% (hpc) mendes blue waters sustained petaflop
@article{mendes2015,
title = "Deployment and testing of the sustained petascale Blue Waters system ",
journal = "Journal of Computational Science ",
volume = "10",
number = "",
pages = "327 - 337",
year = "2015",
note = "",
issn = "1877-7503",
doi = "http://dx.doi.org/10.1016/j.jocs.2015.03.007",
url = "http://www.sciencedirect.com/science/article/pii/S1877750315000344",
author = "Celso L. Mendes and Brett Bode and Gregory H. Bauer and Jeremy Enos and Cristina Beldica and William T. Kramer",
keywords = "Large system deployment",
keywords = "Acceptance testing",
keywords = "Petascale performance "
}

% (hpc) hwu qmcpack gpu
@INPROCEEDINGS{hwu2015, 
author={W. M. Hwu and L. W. Chang and H. S. Kim and A. Dakkak and I. El Hajj}, 
booktitle={2015 Computational Electromagnetics International Workshop (CEM)}, 
title={Transitioning HPC software to exascale heterogeneous computing}, 
year={2015}, 
pages={1-2}, 
keywords={C++ language;application program interfaces;graphics processing units;parallel processing;software maintenance;software portability;Blue Waters;C++AMP;HPC software transitioning;OpenACC;OpenCL;TANGRAM;Troilet;exascale heterogeneous computing;heterogeneous CPU-GPU computational units;performance maintainability;performance portability;pervasive deployment;production applications;productivity enhancement;programming systems;Graphics processing units;Hardware;Libraries;Performance evaluation;Programming;Random access memory}, 
doi={10.1109/CEM.2015.7237412}, 
month={July},}

% (compsci) zhou mpi communication
@INPROCEEDINGS{zhou2015, 
author={W. Zhou and J. Chen and Z. Wang and X. Xu and L. Xu and Y. Tang}, 
booktitle={2015 IEEE 17th International Conference on High Performance Computing and Communications, 2015 IEEE 7th International Symposium on Cyberspace Safety and Security, and 2015 IEEE 12th International Conference on Embedded Software and Systems}, 
title={Time-Dimension Communication Characterization of Representative Scientific Applications on Tianhe-2}, 
year={2015}, 
pages={423-429}, 
keywords={parallel machines;power aware computing;statistical analysis;Tianhe-2 supercomputer;interconnection network;power-law decay;power-law distribution;statistical regularity;time-dimension communication characteristics;Benchmark testing;Dispersion;High performance computing;Histograms;Libraries;Supercomputers;Power-law distributions;Supercomputing;Tianhe-2;Time-dimension Communication Characterization}, 
doi={10.1109/HPCC-CSS-ICESS.2015.15}, 
month={Aug},}

% (app) shulenburger mgo
@article{shulenburger2015,
  title = {Shock Response and Phase Transitions of MgO at Planetary Impact Conditions},
  author = {Root, Seth and Shulenburger, Luke and Lemke, Raymond W. and Dolan, Daniel H. and Mattsson, Thomas R. and Desjarlais, Michael P.},
  journal = {Phys. Rev. Lett.},
  volume = {115},
  issue = {19},
  pages = {198501},
  numpages = {6},
  year = {2015},
  month = {Nov},
  publisher = {American Physical Society},
  doi = {10.1103/PhysRevLett.115.198501},
  url = {http://link.aps.org/doi/10.1103/PhysRevLett.115.198501}
}

% (hpc) gioiosa system calls
@inproceedings{gioiosa2015,
 author = {Gioiosa, Roberto and Wisniewski, Robert W. and Murty, Ravi and Inglett, Todd},
 title = {Analyzing System Calls in Multi-OS Hierarchical Environments},
 booktitle = {Proceedings of the 5th International Workshop on Runtime and Operating Systems for Supercomputers},
 series = {ROSS '15},
 year = {2015},
 isbn = {978-1-4503-3606-2},
 location = {Portland, OR, USA},
 pages = {6:1--6:8},
 articleno = {6},
 numpages = {8},
 url = {http://doi.acm.org/10.1145/2768405.2768411},
 doi = {10.1145/2768405.2768411},
 acmid = {2768411},
 publisher = {ACM},
 address = {New York, NY, USA},
} 

% (app) deible be dimer
@article{deible2015,
author = {Michael J. Deible and Melody Kessler and Kevin E. Gasperich and Kenneth D. Jordan},
title = {Quantum Monte Carlo calculation of the binding energy of the beryllium dimer},
journal = {The Journal of Chemical Physics},
volume = {143},
number = {8},
pages = {084116},
year = {2015},
doi = {10.1063/1.4929351},
URL = { http://dx.doi.org/10.1063/1.4929351 },
eprint = { http://dx.doi.org/10.1063/1.4929351 }
}

% (app) mitra nio
@article{mitra2015,
author = {Chandrima Mitra and Jaron T. Krogel and Juan A. Santana and Fernando A. Reboredo},
title = {Many-body ab initio diffusion quantum Monte Carlo applied to the strongly correlated oxide NiO},
journal = {The Journal of Chemical Physics},
volume = {143},
number = {16},
pages = {164710},
year = {2015},
doi = {10.1063/1.4934262},
URL = { http://dx.doi.org/10.1063/1.4934262 },
eprint = { http://dx.doi.org/10.1063/1.4934262 }
}

% (app) santana zno
@article{santana2015,
author = {Juan A. Santana and Jaron T. Krogel and Jeongnim Kim and Paul R. C. Kent and Fernando A. Reboredo},
title = {Structural stability and defect energetics of ZnO from diffusion quantum Monte Carlo},
journal = {The Journal of Chemical Physics},
volume = {142},
number = {16},
pages = {164705},
year = {2015},
doi = {10.1063/1.4919242},
URL = { http://dx.doi.org/10.1063/1.4919242 },
eprint = { http://dx.doi.org/10.1063/1.4919242 }
}

% (method/app) yang non-adiabatic atoms/dimers
@article{yang2015,
author = {Yubo Yang and Ilkka Kylänpää and Norm M. Tubman and Jaron T. Krogel and Sharon Hammes-Schiffer and David M. Ceperley},
title = {How large are nonadiabatic effects in atomic and diatomic systems?},
journal = {The Journal of Chemical Physics},
volume = {143},
number = {12},
pages = {124308},
year = {2015},
doi = {10.1063/1.4931667},
URL = { http://dx.doi.org/10.1063/1.4931667 },
eprint = { http://dx.doi.org/10.1063/1.4931667 }
}

% (app) shulenburger black phosphorous
@article{shulenburger2015b,
author = {Shulenburger, L. and Baczewski, A.D. and Zhu, Z. and Guan, J. and Tománek, D.},
title = {The Nature of the Interlayer Interaction in Bulk and Few-Layer Phosphorus},
journal = {Nano Letters},
volume = {15},
number = {12},
pages = {8170-8175},
year = {2015},
doi = {10.1021/acs.nanolett.5b03615},
note ={PMID: 26523860},
URL = { http://dx.doi.org/10.1021/acs.nanolett.5b03615 },
eprint = { http://dx.doi.org/10.1021/acs.nanolett.5b03615 }
}

% (app) mcminis atomic molecular hydrogen
@article{mcminis2015,
  title = {Molecular to Atomic Phase Transition in Hydrogen under High Pressure},
  author = {McMinis, Jeremy and Clay, Raymond C. and Lee, Donghwa and Morales, Miguel A.},
  journal = {Phys. Rev. Lett.},
  volume = {114},
  issue = {10},
  pages = {105305},
  numpages = {6},
  year = {2015},
  month = {Mar},
  publisher = {American Physical Society},
  doi = {10.1103/PhysRevLett.114.105305},
  url = {http://link.aps.org/doi/10.1103/PhysRevLett.114.105305}
}

% (app) mcminis metallic hydrogen
@article{mcminis2015b,
author = {Jeremy McMinis and Miguel A. Morales and David M. Ceperley and Jeongnim Kim},
title = {The transition to the metallic state in low density hydrogen},
journal = {The Journal of Chemical Physics},
volume = {143},
number = {19},
pages = {194703},
year = {2015},
doi = {10.1063/1.4935808},
URL = { http://dx.doi.org/10.1063/1.4935808 },
eprint = { http://dx.doi.org/10.1063/1.4935808 }
}

% (app) shulenburger be phase transition (arxiv)
@article{shulenburger2015c,
  title={Beyond chemical accuracy: The pseudopotential approximation in diffusion Monte Carlo calculations of the HCP to BCC phase transition in beryllium},
  author={Shulenburger, Luke and Mattsson, Thomas R and Desjarlais, MP},
  journal={arXiv preprint arXiv:1501.03850},
  year={2015},
  url={https://arxiv.org/abs/1501.03850}
}









% 2016
% (compsci) mcdaniel delayed update gpu
@inproceedings{mcdaniel2016,
 author = {McDaniel, Tyler and D'Azevedo, Ed and Li, Ying Wai and Kent, Paul and Wong, Ming and Wong, Kwai},
 title = {Delayed Update Algorithms for Quantum Monte Carlo Simulation on GPU: Extended Abstract},
 booktitle = {Proceedings of the XSEDE16 Conference on Diversity, Big Data, and Science at Scale},
 series = {XSEDE16},
 year = {2016},
 isbn = {978-1-4503-4755-6},
 location = {Miami, USA},
 pages = {13:1--13:4},
 articleno = {13},
 numpages = {4},
 url = {http://doi.acm.org/10.1145/2949550.2949579},
 doi = {10.1145/2949550.2949579},
 acmid = {2949579},
 publisher = {ACM},
 address = {New York, NY, USA},
 keywords = {QMC simulation, emergent platforms, scientific computing},
} 

% (compsci) lopez qmcpack gpu kernel AMP
@Inbook{lopez2016,
author="Lopez, M. Graham
and Bergstrom, Christopher
and Li, Ying Wai
and Elwasif, Wael
and Hernandez, Oscar",
editor="Taufer, Michela
and Mohr, Bernd
and Kunkel, Julian M.",
title="Using C++ AMP to Accelerate HPC Applications on Multiple Platforms",
bookTitle="High Performance Computing: ISC High Performance 2016 International Workshops, ExaComm, E-MuCoCoS, HPC-IODC, IXPUG, IWOPH, P3MA, VHPC, WOPSSS, Frankfurt, Germany, June 19--23, 2016, Revised Selected Papers",
year="2016",
publisher="Springer International Publishing",
address="Cham",
pages="563--576",
isbn="978-3-319-46079-6",
doi="10.1007/978-3-319-46079-6_38",
url="http://dx.doi.org/10.1007/978-3-319-46079-6_38"
}

% (app) santana binary oxides
@article{santana2016,
author = {Juan A. Santana and Jaron T. Krogel and Paul R. C. Kent and Fernando A. Reboredo},
title = {Cohesive energy and structural parameters of binary oxides of groups IIA and IIIB from diffusion quantum Monte Carlo},
journal = {The Journal of Chemical Physics},
volume = {144},
number = {17},
pages = {174707},
year = {2016},
doi = {10.1063/1.4947569},
URL = {http://dx.doi.org/10.1063/1.4947569 },
eprint = { http://dx.doi.org/10.1063/1.4947569 }
}

% (dev) niu global array orbitals
@article {niu2016,
author = {Niu, Qingpeng and Dinan, James and Tirukkovalur, Sravya and Benali, Anouar and Kim, Jeongnim and Mitas, Lubos and Wagner, Lucas and Sadayappan, P.},
title = {Global-view coefficients: a data management solution for parallel quantum Monte Carlo applications},
journal = {Concurrency and Computation: Practice and Experience},
volume = {28},
number = {13},
issn = {1532-0634},
url = {http://dx.doi.org/10.1002/cpe.3748},
doi = {10.1002/cpe.3748},
pages = {3655--3671},
keywords = {quantum Monte Carlo, global arrays, PGAS},
year = {2016},
note = {cpe.3748},
}

% (dev) krogel nexus
@article{krogel2016,
title = "Nexus: A modular workflow management system for quantum simulation codes ",
journal = "Computer Physics Communications ",
volume = "198",
number = "",
pages = "154 - 168",
year = "2016",
note = "",
issn = "0010-4655",
doi = "http://dx.doi.org/10.1016/j.cpc.2015.08.012",
url = "http://www.sciencedirect.com/science/article/pii/S0010465515002982",
author = "Jaron T. Krogel",
keywords = "Workflow management",
keywords = "High-throughput",
keywords = "Electronic structure",
keywords = "Quantum Monte Carlo",
keywords = "Density functional theory",
keywords = "QMCPACK",
keywords = "Quantum Espresso",
keywords = "VASP "
}

% (app) luo tio2
@article{luo2016,
  author={Ye Luo and Anouar Benali and Luke Shulenburger and Jaron T Krogel and Olle Heinonen and Paul R C Kent},
  title={Phase stability of TiO 2 polymorphs from diffusion Quantum Monte Carlo},
  journal={New Journal of Physics},
  volume={18},
  number={11},
  pages={113049},
  url={http://stacks.iop.org/1367-2630/18/i=11/a=113049},
  year={2016},
}

% (compsci) herbein adios I/O
@article{herbein2016,
title = "Performance characterization of irregular I/O at the extreme scale ",
journal = "Parallel Computing ",
volume = "51",
number = "",
pages = "17 - 36",
year = "2016",
note = "Special Issue on Parallel Programming Models and SystemsSoftware for High-End Computing ",
issn = "0167-8191",
doi = "http://dx.doi.org/10.1016/j.parco.2015.10.009",
url = "http://www.sciencedirect.com/science/article/pii/S0167819115001386",
author = "S. Herbein and S. McDaniel and N. Podhorszki and J. Logan and S. Klasky and M. Taufer",
keywords = "Exascale",
keywords = "Irregular I/O",
keywords = "QMCPack",
keywords = "ENZO",
keywords = "ADIOS",
keywords = "HDF5 "
}

% (method) holzmann finite size
@article{holzmann2016,
  title = {Theory of finite size effects for electronic quantum Monte Carlo calculations of liquids and solids},
  author = {Holzmann, Markus and Clay, Raymond C. and Morales, Miguel A. and Tubman, Norm M. and Ceperley, David M. and Pierleoni, Carlo},
  journal = {Phys. Rev. B},
  volume = {94},
  issue = {3},
  pages = {035126},
  numpages = {16},
  year = {2016},
  month = {Jul},
  publisher = {American Physical Society},
  doi = {10.1103/PhysRevB.94.035126},
  url = {http://link.aps.org/doi/10.1103/PhysRevB.94.035126}
}

% (app/tech) nazarov locality fixed node error Ag/Sn/others
@article{nazarov2016,
  title = {Benchmarking the pseudopotential and fixed-node approximations in diffusion Monte Carlo calculations of molecules and solids},
  author = {Nazarov, R. and Shulenburger, L. and Morales, M. and Hood, Randolph Q.},
  journal = {Phys. Rev. B},
  volume = {93},
  issue = {9},
  pages = {094111},
  numpages = {15},
  year = {2016},
  month = {Mar},
  publisher = {American Physical Society},
  doi = {10.1103/PhysRevB.93.094111},
  url = {http://link.aps.org/doi/10.1103/PhysRevB.93.094111}
}

% (app) powell co/n2 dimer
@article{powell2016,
author = {Andrew D. Powell and Richard Dawes},
title = {Calculating potential energy curves with fixed-node diffusion Monte Carlo: CO and N2},
journal = {The Journal of Chemical Physics},
volume = {145},
number = {22},
pages = {224308},
year = {2016},
doi = {10.1063/1.4971378},
URL = { http://aip.scitation.org/doi/abs/10.1063/1.4971378 },
eprint = { http://aip.scitation.org/doi/pdf/10.1063/1.4971378 }
}

% (tech) clay multidet orbitals
@article{clay2016,
author = {Raymond C. Clay III and Miguel A. Morales},
title = {Influence of single particle orbital sets and configuration selection on multideterminant wavefunctions in quantum Monte Carlo},
journal = {The Journal of Chemical Physics},
volume = {142},
number = {23},
pages = {234103},
year = {2015},
doi = {10.1063/1.4921984},
URL = { http://dx.doi.org/10.1063/1.4921984 },
eprint = { http://dx.doi.org/10.1063/1.4921984 }
}

% (app) benali ti4o7
@Article{benali2016,
author ="Benali, Anouar and Shulenburger, Luke and Krogel, Jaron T. and Zhong, Xiaoliang and Kent, Paul R. C. and Heinonen, Olle",
title  ="Quantum Monte Carlo analysis of a charge ordered insulating antiferromagnet: the Ti4O7 Magneli phase",
journal  ="Phys. Chem. Chem. Phys.",
year  ="2016",
volume  ="18",
issue  ="27",
pages  ="18323-18335",
publisher  ="The Royal Society of Chemistry",
doi  ="10.1039/C6CP02067D",
url  ="http://dx.doi.org/10.1039/C6CP02067D",
}

% (method) tubman nonadiabatic wavefunctions
@inbook{tubman2016,
author = {Tubman, Norm M. and Yang, Yubo and Hammes-Schiffer, Sharon and Ceperley, David M.},
title = {Interpolated Wave Functions for Nonadiabatic Simulations with the Fixed-Node Quantum Monte Carlo Method},
booktitle = {Recent Progress in Quantum Monte Carlo},
chapter = {3},
pages = {47-61},
doi = {10.1021/bk-2016-1234.ch003},
URL = {http://pubs.acs.org/doi/abs/10.1021/bk-2016-1234.ch003},
eprint = {http://pubs.acs.org/doi/pdf/10.1021/bk-2016-1234.ch003}
}

% (app) shulenburger lithium flouride
@article{davis2016,
author = {Jean-Paul Davis and Marcus D. Knudson and Luke Shulenburger and Scott D. Crockett},
title = {Mechanical and optical response of [100] lithium fluoride to multi-megabar dynamic pressures},
journal = {Journal of Applied Physics},
volume = {120},
number = {16},
pages = {165901},
year = {2016},
doi = {10.1063/1.4965869},
URL = { http://dx.doi.org/10.1063/1.4965869 },
eprint = { http://dx.doi.org/10.1063/1.4965869 }
}

% (app/tech) krogel pseudopotential dev 
@article{krogel2016b,
  title = {Pseudopotentials for quantum Monte Carlo studies of transition metal oxides},
  author = {Krogel, Jaron T. and Santana, Juan A. and Reboredo, Fernando A.},
  journal = {Phys. Rev. B},
  volume = {93},
  issue = {7},
  pages = {075143},
  numpages = {10},
  year = {2016},
  month = {Feb},
  publisher = {American Physical Society},
  doi = {10.1103/PhysRevB.93.075143},
  url = {http://link.aps.org/doi/10.1103/PhysRevB.93.075143}
}

% (app/method) clay H-He mix forces
@article{clay2016b,
  title = {Benchmarking density functionals for hydrogen-helium mixtures with quantum Monte Carlo: Energetics, pressures, and forces},
  author = {Clay, Raymond C. and Holzmann, Markus and Ceperley, David M. and Morales, Miguel A.},
  journal = {Phys. Rev. B},
  volume = {93},
  issue = {3},
  pages = {035121},
  numpages = {12},
  year = {2016},
  month = {Jan},
  publisher = {American Physical Society},
  doi = {10.1103/PhysRevB.93.035121},
  url = {http://link.aps.org/doi/10.1103/PhysRevB.93.035121}
}

% (method) zhao excited state optimization
@article{zhao2016,
author = {Zhao, Luning and Neuscamman, Eric},
title = {An Efficient Variational Principle for the Direct Optimization of Excited States},
journal = {Journal of Chemical Theory and Computation},
volume = {12},
number = {8},
pages = {3436-3440},
year = {2016},
doi = {10.1021/acs.jctc.6b00508},
note ={PMID: 27379468},
URL = { http://dx.doi.org/10.1021/acs.jctc.6b00508 },
eprint = { http://dx.doi.org/10.1021/acs.jctc.6b00508 }
}

% (dev) mathuriya parallel bspline evaluation (arxiv)
@article{mathuriya2016,
  author    = {Amrita Mathuriya and
               Ye Luo and
               Anouar Benali and
               Luke Shulenburger and
               Jeongnim Kim},
  title     = {Optimization and parallelization of B-spline based orbital evaluations
               in {QMC} on multi/many-core shared memory processors},
  journal   = {CoRR},
  volume    = {abs/1611.02665},
  year      = {2016},
  url       = {http://arxiv.org/abs/1611.02665},
  timestamp = {Thu, 01 Dec 2016 19:32:08 +0100},
  biburl    = {http://dblp.uni-trier.de/rec/bib/journals/corr/MathuriyaLBSK16},
  bibsource = {dblp computer science bibliography, http://dblp.org}
}






%2017
% (method) zhao blocked linear method (arxiv)
@article{zhao2017,
  title={A Blocked Linear Method for Optimizing Large Parameter Sets in Variational Monte Carlo},
  author={Zhao, Luning and Neuscamman, Eric},
  journal={arXiv preprint arXiv:1702.01481},
  year={2017},
  url={https://arxiv.org/abs/1702.01481},
}






% (app) spherical jellium qwalk (used orbitals from SQD code, packaged/part of qmcpack)
@article{bajdich2011,
  title = {Simple impurity embedded in a spherical jellium: Approximations of density functional theory compared to quantum Monte Carlo benchmarks},
  author = {Bajdich, Michal and Kent, P. R. C. and Kim, Jeongnim and Reboredo, Fernando A.},
  journal = {Phys. Rev. B},
  volume = {84},
  issue = {7},
  pages = {075131},
  numpages = {8},
  year = {2011},
  month = {Aug},
  publisher = {American Physical Society},
  doi = {10.1103/PhysRevB.84.075131},
  url = {http://link.aps.org/doi/10.1103/PhysRevB.84.075131}
}

% (app) swingle fermi gas/liquid entanglement (swap operator in qmcpack?)
@article{swingle2013,
  title = {Oscillating terms in the Renyi entropy of Fermi gases and liquids},
  author = {Swingle, Brian and McMinis, Jeremy and Tubman, Norm M.},
  journal = {Phys. Rev. B},
  volume = {87},
  issue = {23},
  pages = {235112},
  numpages = {10},
  year = {2013},
  month = {Jun},
  publisher = {American Physical Society},
  doi = {10.1103/PhysRevB.87.235112},
  url = {http://link.aps.org/doi/10.1103/PhysRevB.87.235112}
}




% qmcpack theses
% (thesis) das walk on sphere
@book{das2005thesis,
  title={Quantum Monte Carlo With a Stochastic Poisson Solver},
  author={Das, Dyutiman},
  year={2005},
  school={University of Illinois at Urbana-Champaign},
  url={http://hdl.handle.net/2142/80519}
}

% (thesis) vincent germanium nanoparticle
@book{vincent2006thesis,
  title={Quantum Monte Carlo Calculations of the Electronic Excitations of Germanium Atoms, Molecules and Nanoclusters Using Core-Polarization Potentials},
  author={Vincent, Jordan Eric},
  year={2006},
  school={University of Illinois at Urbana-Champaign},
  url={http://hdl.handle.net/2142/80541}
}

% (thesis) gergely water
@phdthesis{gergely2009thesis,
  title={Quantum Monte Carlo Methods for First Principles Simulation of Liquid Water},
  author={Gergely, John Robert},
  year={2009},
  school={University of Illinois at Urbana-Champaign},
  url={http://hdl.handle.net/2142/80610}
}

% (thesis) clark order N
@phdthesis{clark2009thesis,
  title={Strongly Correlated Systems Approach Through Quantum Monte Carlo},
  author={Clark, Bryan},
  year={2009},
  school={University of Illinois at Urbana-Champaign},
  url={http://hdl.handle.net/2142/80605},
}

% (thesis) beaudet hydrogen on carbon/transition metal
@phdthesis{beaudet2011thesis,
  title={Quantum Monte Carlo Study of Hydrogen Adsorption on Carbon and Transition Metal Systems},
  author={Beaudet, Todd D},
  year={2011},
  school={University of Illinois at Urbana-Champaign},
  url={http://hdl.handle.net/2142/18600}
}

% (thesis) ahuja linear scaling qmc
@phdthesis{ahuja2011thesis,
  title={Recycling Krylov subspaces and preconditioners},
  author={Ahuja, Kapil},
  year={2011},
  school={Virginia Polytechnic Institute and State University},
  url={http://theses.lib.vt.edu/theses/available/etd-11112011-010340/}
}

% (thesis) krogel germanium energy density
@phdthesis{krogel2013thesis,
  title={Energetics of neutral interstitials in germanium},
  author={Krogel, Jaron},
  year={2013},
  school={University of Illinois at Urbana-Champaign},
  url={http://hdl.handle.net/2142/44417},
}

% (thesis) mcminis pressure entanglement
@phdthesis{mcminis2013thesis,
  title={Benchmark studies using quantum Monte Carlo: pressure estimators, energy, and entanglement},
  author={McMinis, Jeremy},
  year={2013},
  school={University of Illinois at Urbana-Champaign},
  url={http://hdl.handle.net/2142/44344},
}

% (thesis) niu global array bspline orbitals
@phdthesis{niu2015thesis,
  title={Characterization and Enhancement of Data Locality and Load Balancing for Irregular Applications},
  author={Niu, Qingpeng},
  year={2015},
  school={The Ohio State University},
  url={https://etd.ohiolink.edu/!etd.send_file?accession=osu1420811652&disposition=attachment}
}

% (thesis) deible multidet molecules
@misc{deible2015thesis,
           month = {September},
           title = {Theory and Applications of Quantum Monte Carlo},
          author = {Michael Deible},
            year = {2015},
        keywords = {Quantum Monte Carlo},
             url = {http://d-scholarship.pitt.edu/25747/},
}

% (thesis) yang molecule entanglement
@phdthesis{yang2016thesis,
  title={Pairing and entanglement: quantum Monte Carlo studies},
  author={Yang, David Chang-Mo},
  year={2016},
  school={University of Illinois at Urbana-Champaign},
  url={http://hdl.handle.net/2142/90737},
}





